@article{einstein,
    author =       "Albert Einstein",
    title =        "{Zur Elektrodynamik bewegter K{\"o}rper}. ({German})
        [{On} the electrodynamics of moving bodies]",
    journal =      "Annalen der Physik",
    volume =       "322",
    number =       "10",
    pages =        "891--921",
    year =         "1905",
    DOI =          "http://dx.doi.org/10.1002/andp.19053221004"
}

@book{latexcompanion,
    author    = "Michel Goossens and Frank Mittelbach and Alexander Samarin",
    title     = "The \LaTeX\ Companion",
    year      = "1993",
    publisher = "Addison-Wesley",
    address   = "Reading, Massachusetts"
}

@misc{knuthwebsite,
    author    = "Donald Knuth",
    title     = "Knuth: Computers and Typesetting",
    url       = "http://www-cs-faculty.stanford.edu/\~{}uno/abcde.html"
}

@online{online:fikes,
	author = {Bradley J. Fikes},
	title = {SpaceDev agrees to be acquired},
	year =  2008,
	url = {https://www.sandiegouniontribune.com/sdut-spacedev-agrees-to-be-acquired-2008oct21-story.html},
	urldate = {2020-07-09}
}

@online{online:messier,
	author = {Doug Messier},
	title = {SNC Abandons Own Hybrid Motors on Dream Chaser},
	year =  2014,
	url = {http://www.parabolicarc.com/2014/08/19/snc-abandons-hybrid-motors-dream-chaser/},
	urldate = {2020-07-09}
}

@misc{misc:dccs_landed,
	author = {{Sierra Nevada Corporation}},
	title = {SNC's Dream ChaserÂ® Spacecraft at NASA Armstrong Flight Research Center (11)},
	year = {2017},
	note = {Free of copyrights, see \url{https://www.sncorp.com/terms-of-use/}},
	url = {https://www.sncorp.com/media/2237/nasa-6.jpg}
}